@book{decastro,
  title={Computa\c{c}\~ao Natural - Uma Jornada Ilustrada},
  author={De Castro, L.N.},
  isbn={9788578610852},
  url={https://books.google.com.br/books?id=xBA9YgEACAAJ},
  publisher={Livraria da Fisica},
}

@article{bernard,
  title={The Manhattan Pair Distance Heuristic for the 15-puzzle},
  author={Bernard Bauer},
  journal={Paderborn Center for Parallel Computing},
  volume={1},
  year={1994},
  url={http://disi.unitn.it/~montreso/asd/progetti/2007-08/progetto2/The_Manhattan_Pair_Distance_Heuristic_for_the_15-puzzle.pdf}
}

// http://omnipax.com.br/livros/2013/MHPO/mhpo-cap04.pdf

@TECHREPORT{Culberson94efficientlysearching,
    author = {Joseph Culberson and Joseph C. Culberson and Jonathan Schaeffer and Jonathan Schaeffer},
    title = {Efficiently Searching the 15-Puzzle},
    institution = {},
    year = {1994}
}

@TECHREPORT{Rose8puzzle,
    author = {Roselaine Regina},
    title = { Aplicação do Algoritmo “Colônia de Formigas” na Resolução do 8-
Puzzle},
    institution = {Faculdade de Jaguariúna},
    year = {2007}
}

@article{harshgenetic,
  title={Genetic based Algorithm for N – Puzzle Problem},
  author={Harsh Bhasin, Neha Singla},
  journal={International Journal of Computer Applications},
  volume={51},
  number={22},
  year={2012}
}
